%% This BibTeX bibliography file was created using BibDesk.
%% http://bibdesk.sourceforge.net/
%
%
%% Created for Chia Chye Yee at 2013-04-02 20:26:17 -0400 
%
%
%% Saved with string encoding Unicode (UTF-8) 

@misc{deshpande16,
title = {{A Beginner's Guide to Understanding Convolutional Net}},
howpublished = {\url{https://adeshpande3.github.io/A-Beginner%27s-Guide-To-Understanding-Convolutional-Neural-Networks/}},
year = {2016},
author = {A. {Deshpande}}
}

@INPROCEEDINGS{zou2019,
author={Z. {Zou} and W. {Li} and T. {Shi} and Z. {Shi} and J. {Ye}},
booktitle={2019 IEEE/CVF International Conference on Computer Vision (ICCV)},
title={Generative Adversarial Training for Weakly Supervised Cloud Matting},
year={2019},
volume={},
number={},
pages={201-210},
keywords={Cloud computing;Clouds;Training;Attenuation;Generators;Imaging;Generative adversarial networks},
doi={10.1109/ICCV.2019.00029},
ISSN={1550-5499},
month={Oct},}
